@inproceedings{o2010automated,
  title={Automated Modelling and Solving in Constraint Programming.},
  author={O'Sullivan, Barry},
  booktitle={AAAI},
  pages={1493--1497},
  year={2010}
}

@article{tichy2006clause,
  title={Clause Learning in SAT},
  author={Tichy, Richard and Glase, Thomas},
  year={2006},
  publisher={Citeseer}
}

@inproceedings{bayardo1997using,
  title={Using CSP look-back techniques to solve real-world SAT instances},
  author={Bayardo Jr, Roberto J and Schrag, Robert},
  booktitle={AAAI/IAAI},
  pages={203--208},
  year={1997}
}

@inproceedings{zhang2001efficient,
  title={Efficient conflict driven learning in a boolean satisfiability solver},
  author={Zhang, Lintao and Madigan, Conor F and Moskewicz, Matthew H and Malik, Sharad},
  booktitle={Proceedings of the 2001 IEEE/ACM international conference on Computer-aided design},
  pages={279--285},
  year={2001},
  organization={IEEE Press}
}

@inproceedings{audemard2009predicting,
  title={Predicting Learnt Clauses Quality in Modern SAT Solvers.},
  author={Audemard, Gilles and Simon, Laurent},
  booktitle={IJCAI},
  volume={9},
  pages={399--404},
  year={2009}
}

@inproceedings{shishmarev2016learning,
  title={Learning from Learning Solvers},
  author={Shishmarev, Maxim and Mears, Christopher and Tack, Guido and de la Banda, Maria Garcia},
  booktitle={International Conference on Principles and Practice of Constraint Programming},
  pages={455--472},
  year={2016},
  organization={Springer}
}

@inproceedings{chu2013improving,
  title={Improving combinatorial optimization},
  author={Chu, Geoffrey},
  booktitle={Twenty-Third International Joint Conference on Artificial Intelligence},
  year={2013}
}

@inproceedings{beame2003understanding,
  title={Understanding the power of clause learning},
  author={Beame, Paul and Kautz, Henry and Sabharwal, Ashish},
  booktitle={IJCAI},
  pages={1194--1201},
  year={2003}
}

@inproceedings{agrawal1994fast,
  title={Fast algorithms for mining association rules},
  author={Agrawal, Rakesh and Srikant, Ramakrishnan and others},
  booktitle={Proc. 20th int. conf. very large data bases, VLDB},
  volume={1215},
  pages={487--499},
  year={1994}
}

@book{han2011data,
  title={Data mining: concepts and techniques},
  author={Han, Jiawei and Pei, Jian and Kamber, Micheline},
  year={2011},
  publisher={Elsevier}
}

@inproceedings{aggarwal1998new,
  title={A new framework for itemset generation},
  author={Aggarwal, Charu C and Yu, Philip S},
  booktitle={Proceedings of the seventeenth ACM SIGACT-SIGMOD-SIGART symposium on Principles of database systems},
  pages={18--24},
  year={1998},
  organization={ACM}
}

@inproceedings{brin1997dynamic,
  title={Dynamic itemset counting and implication rules for market basket data},
  author={Brin, Sergey and Motwani, Rajeev and Ullman, Jeffrey D and Tsur, Shalom},
  booktitle={ACM SIGMOD Record},
  volume={26},
  number={2},
  pages={255--264},
  year={1997},
  organization={ACM}
}

@article{hipp2000algorithms,
  title={Algorithms for association rule miningâ€”a general survey and comparison},
  author={Hipp, Jochen and G{\"u}ntzer, Ulrich and Nakhaeizadeh, Gholamreza},
  journal={ACM sigkdd explorations newsletter},
  volume={2},
  number={1},
  pages={58--64},
  year={2000},
  publisher={ACM}
}

@inproceedings{de2011constraint,
  title={Constraint programming meets machine learning and data mining (dagstuhl seminar 11201)},
  author={De Raedt, Luc and Nijssen, Siegfried and O'Sullivan, Barry and Van Hentenryck, Pascal},
  booktitle={Dagstuhl Reports},
  volume={1},
  number={5},
  year={2011},
  organization={Schloss Dagstuhl-Leibniz-Zentrum fuer Informatik}
}

@article{guns2011itemset,
  title={Itemset mining: A constraint programming perspective},
  author={Guns, Tias and Nijssen, Siegfried and De Raedt, Luc},
  journal={Artificial Intelligence},
  volume={175},
  number={12-13},
  pages={1951--1983},
  year={2011},
  publisher={Elsevier}
}

@inproceedings{de2008constraint,
  title={Constraint programming for itemset mining},
  author={De Raedt, Luc and Guns, Tias and Nijssen, Siegfried},
  booktitle={Proceedings of the 14th ACM SIGKDD international conference on Knowledge discovery and data mining},
  pages={204--212},
  year={2008},
  organization={ACM}
}

@inproceedings{charnley2006automatic,
  title={Automatic generation of implied constraints},
  author={Charnley, John and Colton, Simon and Miguel, Ian},
  booktitle={ECAI},
  volume={141},
  pages={73--77},
  year={2006}
}

@inproceedings{colton2001constraint,
  title={Constraint generation via automated theory formation},
  author={Colton, Simon and Miguel, Ian},
  booktitle={International Conference on Principles and Practice of Constraint Programming},
  pages={575--579},
  year={2001},
  organization={Springer}
}
